@article{mani:2014,
     title = {Moving beyond Stylized Economic Network Models: The Hybrid World of the Indian Firm Ownership Network},
     author = {Mani, Dalhia and Moody, James},
     journal = {American Journal of Sociology},
     volume = {119},
     number = {6},
     pages = {pp. 1629-1669},
     url = {http://www.jstor.org/stable/10.1086/676040},
     year = {2014},
     publisher = {The University of Chicago Press},
}


@article{hunter:2007,
  Author    = {Hunter, J. D.},
  Title     = {Matplotlib: A 2D graphics environment},
  Journal   = {Computing In Science \& Engineering},
  Volume    = {9},
  Number    = {3},
  Pages     = {90--95},
  publisher = {IEEE COMPUTER SOC},
  year      = 2007
}

@inproceedings{ahmed:2007,
  title={Visualisation and analysis of the Internet movie database},
  author={Ahmed, Adel and Batagelj, Vladimir and Fu, Xiaoyan and Hong, S-H and Merrick, Damian and Mrvar, Andrej},
  booktitle={Visualization, 2007. APVIS'07. 2007 6th International Asia-Pacific Symposium on},
  pages={17--24},
  year={2007},
  organization={IEEE}
}

@article{batagelj:2007,
  title={Short cycle connectivity},
  author={Batagelj, Vladimir and Zaver{\v{s}}nik, Matja{\v{z}}},
  journal={Discrete mathematics},
  volume={307},
  number={3},
  pages={310--318},
  year={2007},
  publisher={Elsevier}
}

@article{batagelj:2011,
  title={Fast algorithms for determining (generalized) core groups in social networks},
  author={Batagelj, Vladimir and Zaver{\v{s}}nik, Matja{\v{z}}},
  journal={Advances in Data Analysis and Classification},
  volume={5},
  number={2},
  pages={129--145},
  year={2011},
  publisher={Springer}
}

@article{shaw:2014,
  title={Laboratories of Oligarchy? How the Iron Law Extends to Peer Production},
  author={Shaw, Aaron and Hill, Benjamin M},
  journal={Journal of Communication},
  volume={64},
  number={2},
  pages={215--238},
  year={2014},
  publisher={Wiley Online Library}
}

@unpublished{benkler:2014,
    title = {Peer Production: A Modality of Collective Intelligence},
    url = {http://mako.cc/academic/benkler_shaw_hill-peer_production_ci.pdf},
    author = {Benkler, Yochai and Shaw, Aaron and Hill, Benjamin Mako},
    keywords = {{WRN}:2013, {WRN}:201312}
}

@unpublished{torrents:2014,
  author = {Jordi Torrents and Fabrizio Ferraro},
  title = {{Structural Cohesion: a theoretical extension and a fast approximation algorithm}},
  year = {2014}
}

@book{glass:2002,
  title={Facts and fallacies of software engineering},
  author={Glass, Robert L},
  year={2002},
  publisher={Addison-Wesley Professional}
}

@book{castells:2013,
  title={Networks of outrage and hope: Social movements in the internet age},
  author={Castells, Manuel},
  year={2013},
  publisher={John Wiley \& Sons}
}

@incollection{padgett:1990,
  title={Mobility as control: congressmen through committees},
  author={Padgett, John F.},
  booktitle={Social Mobility and Social Structure},
  pages={27--58},
  year={1990},
  publisher={Cambridge University Press}
}

@article{stewman:1983,
  title={Careers and organizational labor markets: Demographic models of organizational behavior},
  author={Stewman, Shelby and Konda, Suresh L},
  journal={American Journal of Sociology},
  pages={637--685},
  year={1983},
  publisher={JSTOR}
}

@book{white:1970,
  title={Chains of opportunity: System models of mobility in organizations},
  author={White, Harrison C},
  year={1970},
  publisher={Harvard University Press Cambridge, MA}
}

@book{selznick:1949,
  title={TVA and the grass roots: A study of politics and organization},
  author={Selznick, Philip},
  volume={3},
  year={1949},
  publisher={University of California Press}
}

@article{mcfarland:2001,
  title={Student resistance: How the formal and informal organization of classrooms facilitate everyday forms of student defiance1},
  author={McFarland, Daniel A},
  journal={American Journal of Sociology},
  volume={107},
  number={3},
  pages={612--678},
  year={2001},
  publisher={JSTOR}
}

@article{krackhardt:1993,
  title={Informal Networks: The Company Behind the Chart},
  author={Krackhardt, David and Hanson, Jeffrey R},
  journal={Harvard business review},
  volume={71},
  number={4},
  pages={104--11},
  year={1993},
  publisher={Johns Hopkins University}
}

@book{michels:1915,
  title={Political parties: A sociological study of the oligarchical tendencies of modern democracy},
  author={Michels, Robert},
  year={1915},
  publisher={Hearst's International Library Company}
}

@article{blau:1962,
  title={Formal organizations: a comparative approach.},
  author={Blau, Peter Michael and Scott, W Richard},
  year={1962},
  publisher={Chandler}
}

@book{blau:1964,
  title={Exchange and power in social life},
  author={Blau, Peter Michael},
  year={1964},
  publisher={Transaction Publishers}
}

@book{blau:1969,
  title={The dynamics of bureaucracy: A study of interpersonal relations in two government agencies},
  author={Blau, Peter Michael},
  year={1969},
  publisher={University of Chicago Press}
}

@article{kaplan:1958,
  title={Nonparametric estimation from incomplete observations},
  author={Kaplan, Edward L and Meier, Paul},
  journal={Journal of the American statistical association},
  volume={53},
  number={282},
  pages={457--481},
  year={1958},
  publisher={Taylor \& Francis}
}

@book{miller:2011,
  title={Survival analysis},
  author={Miller Jr, Rupert G},
  volume={66},
  year={2011},
  publisher={John Wiley \& Sons}
}

@article{ford:1956,
  title={Maximal flow through a network},
  author={Ford, Lester R and Fulkerson, Delbert R},
  journal={Canadian Journal of Mathematics},
  volume={8},
  number={3},
  pages={399--404},
  year={1956}
}

@article{goldberg:1988,
  title={A new approach to the maximum-flow problem},
  author={Goldberg, Andrew V and Tarjan, Robert E},
  journal={Journal of the ACM (JACM)},
  volume={35},
  number={4},
  pages={921--940},
  year={1988},
  publisher={ACM}
}

@article{edmonds:1972,
  title={Theoretical improvements in algorithmic efficiency for network flow problems},
  author={Edmonds, Jack and Karp, Richard M},
  journal={Journal of the ACM (JACM)},
  volume={19},
  number={2},
  pages={248--264},
  year={1972},
  publisher={ACM}
}

@book{fox:2002,
  title={An R and S-Plus companion to applied regression},
  author={Fox, John},
  year={2002},
  publisher={Sage}
}

@book{padgett:2012,
  title={The emergence of organizations and markets},
  author={Padgett, John F and Powell, Walter W},
  year={2012},
  publisher={Princeton University Press}
}

@article{ince:2012,
  title={The case for open computer programs},
  author={Ince, D.C. and Hatton, L. and Graham-Cumming, J.},
  journal={Nature},
  volume={482},
  number={7386},
  pages={485--488},
  year={2012},
  publisher={Nature Publishing Group}
}

@article{ferraro:2007,
  title={The emergence of governance in an open source community},
  author={O'Mahony, S. and Ferraro, F.},
  journal={The Academy of Management Journal},
  volume={50},
  number={5},
  pages={1079--1106},
  year={2007},
  publisher={Academy of Management}
}

@article{bearman:2010,
  title={The temporal structure of scientific consensus formation},
  author={Shwed, U. and Bearman, P.S.},
  journal={American sociological review},
  volume={75},
  number={6},
  pages={817--840},
  year={2010},
  publisher={Sage Publications}
}

@article{opsahl:2011,
  title={Triadic closure in two-mode networks: Redefining the global and local clustering coefficients},
  author={Opsahl, T.},
  journal={Social Networks},
  volume={34},
  year={2011},
  publisher={Elsevier}
}

@article{moody:2005,
  title={Dynamic network visualization},
  author={Moody, J. and McFarland, D. and Bender-deMoll, S.},
  journal={American Journal of Sociology},
  volume={110},
  number={4},
  pages={1206--1241},
  year={2005},
  publisher={JSTOR}
}

@article{simon:1962,
  title={The architecture of complexity},
  author={Simon, Herbert A.},
  journal={Proceedings of the American philosophical society},
  volume={106},
  number={6},
  pages={467--482},
  year={1962},
  publisher={JSTOR}
}

@inproceedings{graphviz,
  title={Graphviz—open source graph drawing tools},
  author={Ellson, J. and Gansner, E. and Koutsofios, L. and North, S. and Woodhull, G.},
  booktitle={Graph Drawing},
  pages={594--597},
  year={2002},
  organization={Springer}
}

@article{kamada:1989,
  title={An algorithm for drawing general undirected graphs},
  author={Kamada, T. and Kawai, S.},
  journal={Information processing letters},
  volume={31},
  number={1},
  pages={7--15},
  year={1989}
}

@article{lawler:1973,
  title={Cutsets and partitions of hypergraphs},
  author={Lawler, E.L.},
  journal={Networks},
  volume={3},
  number={3},
  pages={275--285},
  year={1973},
  publisher={Wiley Online Library}
}

@article{luccio:1969,
  title={On the decomposition of networks in minimally interconnected subnetworks},
  author={Luccio, F. and Sami, M.},
  journal={Circuit Theory, IEEE Transactions on},
  volume={16},
  number={2},
  pages={184--188},
  year={1969},
  publisher={IEEE}
}

@article{freeman:1992,
  title={The sociological concept of ``group'': An empirical test of two models},
  author={Freeman, L.C.},
  journal={American Journal of Sociology},
  pages={152--166},
  year={1992},
  publisher={JSTOR}
}

@article{borgatti:1990,
  title={LS sets, lambda sets and other cohesive subsets},
  author={Borgatti, S.P. and Everett, M.G. and Shirey, P.R.},
  journal={Social Networks},
  volume={12},
  number={4},
  pages={337--357},
  year={1990},
  publisher={Elsevier}
}

@article{seidman:1983ls,
  title={LS sets as cohesive subsets of graphs and hypergraphs},
  author={Seidman, S.B.},
  journal={Mathematical Social Sciences},
  volume={6},
  number={1},
  pages={87--91},
  year={1983},
  publisher={Elsevier}
}

@article{seidman:1978,
  title={A graph-theoretic generalization of the clique concept},
  author={Seidman, S.B. and Foster, B.L.},
  journal={Journal of Mathematical sociology},
  volume={6},
  number={1},
  pages={139--154},
  year={1978},
  publisher={Taylor \& Francis}
}

@article{mokken:1979,
  title={Cliques, clubs and clans},
  author={Mokken, R.J.},
  journal={Quality \& Quantity},
  volume={13},
  number={2},
  pages={161--173},
  year={1979},
  publisher={Springer}
}

@article{luce:1949,
  title={A method of matrix analysis of group structure},
  author={Luce, R.D. and Perry, A.D.},
  journal={Psychometrika},
  volume={14},
  number={2},
  pages={95--116},
  year={1949},
  publisher={Springer}
}

@article{seidman:1983,
  title={Network structure and minimum degree},
  author={Seidman, S.B.},
  journal={Social networks},
  volume={5},
  number={3},
  pages={269--287},
  year={1983},
  publisher={Elsevier}
}

@article{dodds:2003,
  title={Information exchange and the robustness of organizational networks},
  author={Dodds, P.S. and Watts, D.J. and Sabel, C.F.},
  journal={Proceedings of the National Academy of Sciences},
  volume={100},
  number={21},
  pages={12516},
  year={2003},
  publisher={National Acad Sciences}
}

@article{albert:2000,
  title={Error and attack tolerance of complex networks},
  author={Albert, R. and Jeong, H. and Barab{\'a}si, A.L.},
  journal={Nature},
  volume={406},
  number={6794},
  pages={378--382},
  year={2000},
  publisher={Nature Publishing Group}
}

@inproceedings{gutwenger:2001,
  title={A linear time implementation of SPQR-trees},
  author={Gutwenger, C. and Mutzel, P.},
  booktitle={Graph Drawing},
  pages={77--90},
  year={2001},
  organization={Springer}
}

@article{stark:2010,
  title = {Structural Folds: Generative Disruption in Overlapping Groups},
  author = {Vedres, Balázs and Stark, David},
  journal = {American Journal of Sociology},
  volume = {115},
  number = {4},
  pages = {pp. 1150-1190},
  url = {http://www.jstor.org/stable/10.1086/649497},
  year = {2010},
  publisher = {The University of Chicago Press}
}

@article{lancichinetti:2009,
  title={Detecting the overlapping and hierarchical community structure in complex networks},
  author={Lancichinetti, A. and Fortunato, S. and Kert{\'e}sz, J.},
  journal={New Journal of Physics},
  volume={11},
  pages={033015},
  year={2009},
  publisher={IOP Publishing}
}

@article{palla:2005,
  title={Uncovering the overlapping community structure of complex networks in nature and society},
  author={Palla, G. and Der{\'e}nyi, I. and Farkas, I. and Vicsek, T.},
  journal={Nature},
  volume={435},
  number={7043},
  pages={814--818},
  year={2005},
  publisher={Nature Publishing Group}
}

@article{fortunato:2010,
  title={Community detection in graphs},
  author={Fortunato, S.},
  journal={Physics Reports},
  volume={486},
  number={3-5},
  pages={75--174},
  year={2010},
  publisher={Elsevier}
}

@book{abelson:1985,
  title={Structure and interpretation of computer programs},
  author={Abelson, H. and Sussman, G.J. and Sussman, J. and Perlis, A.J.},
  volume={2},
  year={1985},
  publisher={MIT Press Cambridge, MA}
}

@article{beineke:2002,
  title={The average connectivity of a graph},
  author={Beineke, L.W. and Oellermann, O.R. and Pippert, R.E.},
  journal={Discrete mathematics},
  volume={252},
  number={1-3},
  pages={31--45},
  year={2002},
  publisher={Elsevier}
}

@article{grannis:2009,
  title={Paths and semipaths: reconceptualizing structural cohesion in terms of directed relations},
  author={Grannis, R.},
  journal={Sociological Methodology},
  volume={39},
  number={1},
  pages={117--150},
  year={2009},
  publisher={Wiley Online Library}
}

@inproceedings{bolz:2009,
  title={Tracing the meta-level: PyPy's tracing JIT compiler},
  author={Bolz, C.F. and Cuni, A. and Fijalkowski, M. and Rigo, A.},
  booktitle={Proceedings of the 4th workshop on the Implementation, Compilation, Optimization of Object-Oriented Languages and Programming Systems},
  pages={18--25},
  year={2009},
  organization={ACM}
}


@article{ipython,
  Author= {P\'erez, Fernando and Granger, Brian E.},
  Title= {{IP}ython: a {S}ystem for {I}nteractive {S}cientific {C}omputing},
  Journal= {{C}omput. {S}ci. {E}ng.},
  Volume= {9},
  Number= {3},
  Pages= {21-29},
  month= may,
  year= 2007,
  url= "http://ipython.org",
}

@misc{scipy,
  author =    {Eric Jones and Travis Oliphant and Pearu Peterson and others},
  title =     {{SciPy}: Open source scientific tools for {Python}},
  year =      {2001},
  url = "http://www.scipy.org/"
}

@book{vanrossum:1995,
  title={Python reference manual},
  author={Van Rossum, G.},
  year={1995},
  publisher={Centrum voor Wiskunde en Informatica}
}

@inproceedings{hagberg:2008,
  author = {Aric Hagberg and Daniel Schult and Pieter Swart},
  title = {Exploring network structure, dynamics, and function using {NetworkX}},
  year = {2008},
  month = Aug,
  urlpdf = {http://math.lanl.gov/~hagberg/Papers/hagberg-2008-exploring.pdf},
  booktitle = {Proceedings of the 7th Python in Science Conference (SciPy2008)},
  editors = {G\"{a}el Varoquaux, Travis Vaught, and Jarrod Millman},
  address = {Pasadena, CA USA},
  pages = {11--15}
}

@article{tarjan:1974,
  title={Dividing a graph into triconnected components},
  author={Hopcroft, J.E. and Tarjan, R.E.},
  year={1974},
  publisher={Cornell University}
}

@book{brandes:2005,
  title={Network analysis: methodological foundations},
  author={Brandes, U. and Erlebach, T.},
  volume={3418},
  year={2005},
  publisher={Springer Verlag}
}

@article{batagelj:2003,
  title={An O (m) algorithm for cores decomposition of networks},
  author={Batagelj, V. and Zaversnik, M.},
  journal={Arxiv preprint cs/0310049},
  year={2003}
}

@inproceedings{tarjan:1972,
  title={Depth-first search and linear graph algorithms},
  author={Tarjan, R.},
  booktitle={Switching and Automata Theory, 1971., 12th Annual Symposium on},
  pages={114--121},
  year={1972},
  organization={IEEE}
}

@article{kanevsky:1993,
  title={Finding all minimum-size separating vertex sets in a graph},
  author={Kanevsky, A.},
  journal={Networks},
  volume={23},
  number={6},
  pages={533--541},
  year={1993},
  publisher={Wiley Online Library}
}

@article{white:2004,
  title={Networks, fields and organizations: micro-dynamics, scale and cohesive embeddings},
  author={White, D.R. and Owen-Smith, J. and Moody, J. and Powell, W.W.},
  journal={Computational \& Mathematical Organization Theory},
  volume={10},
  number={1},
  pages={95--117},
  year={2004},
  publisher={Springer}
}

@article{powell:2005,
  title={Network dynamics and field evolution: The growth of interorganizational collaboration in the life sciences},
  author={Powell, W.W. and White, D.R. and Koput, K.W. and Owen-Smith, J.},
  journal={American journal of sociology},
  volume={110},
  number={4},
  pages={1132--1205},
  year={2005},
  publisher={Citeseer}
}


@INBOOK{adler:2006b,
  chapter = {{Beyond hacker idiocy: A new community in software development.}},
  pages = {198--259},
  title = {{The Firm as a Collaborative Community: Reconstructing Trust in the
	Knowledge Economy}},
  publisher = {Oxford University Press},
  year = {2006},
  editor = {C. Heckscher, P.S. Adler},
  author = {Adler, P.S.},
  owner = {jtorrents},
  timestamp = {2009.11.05}
}

@ARTICLE{adler:2007,
  author = {Adler, P.S.},
  title = {{The future of critical management studies: A paleo-marxist critique
	of labour process theory}},
  journal = {Organization Studies},
  year = {2007},
  volume = {28},
  pages = {1313},
  number = {9},
  publisher = {EGOS}
}

@ARTICLE{adler:2001,
  author = {Adler, P.S.},
  title = {{Market, hierarchy, and trust: The knowledge economy and the future
	of capitalism}},
  journal = {Organization Science},
  year = {2001},
  pages = {215--234},
  publisher = {Institute for Operations Research and the Management Sciences}
}

@ARTICLE{adler:1996,
  author = {Adler, PS and Borys, B.},
  title = {{Two types of bureaucracy: coercive versus enabling}},
  journal = {Administrative Science Quarterly},
  year = {1996},
  volume = {41},
  pages = {61--89},
  number = {1},
  owner = {jtorrents},
  timestamp = {2009.09.15}
}

@BOOK{adler:2006,
  title = {{The Firm as a Collaborative Community: Reconstructing Trust in the
	Knowledge Economy}},
  publisher = {Oxford University Press, Oxford, UK},
  year = {2006},
  author = {Adler, PS and Heckscher, C.}
}

@ARTICLE{adler:2008,
  author = {Adler, P.S. and Kwon, S.W. and Heckscher, C.},
  title = {{Professional work: The emergence of collaborative community}},
  journal = {Organization Science},
  year = {2008},
  volume = {19},
  number = {2},
  owner = {jtorrents},
  timestamp = {2010.05.29}
}

@BOOK{aguilar:2001,
  title = {Ordre i desordre},
  publisher = {Hacer},
  year = {2001},
  author = {Salvador Aguilar}
}

@ARTICLE{albert:2002,
  author = {Albert, R. and Barab{\'a}si, A.L.},
  title = {{Statistical mechanics of complex networks}},
  journal = {Reviews of Modern Physics},
  year = {2002},
  volume = {74},
  pages = {47--97},
  number = {1},
  annote = {Article que revisa les principals aportacions teòriques i estratègies
	d'anàlisi empírica de xarxes complexes. Aquesta revisió té molts
	continguts compartits amb \cite{newman:2003}. En general he utilitzat
	les formulacions de Newman a l'hora de plantejar l'anàlisi però aquest
	article m'ha estat útil per la comparació de la xarxa de col·laboració
	de Debian amb grafs aleatoris. [URL consultat setembre 2008]},
  publisher = {APS},
  url = {http://arxiv.org/abs/cond-mat/0106096}
}

@ARTICLE{Amin2002,
  author = {Samir Amin},
  title = {La Revolució Tecnològica en el cor de les contradiccions del capitalisme
	senil},
  journal = {la fàbrica},
  year = {2002},
  url = {http://fabrica.cat/?template=interior&categoria=11&id_article=27}
}

@ARTICLE{amor:2005,
  author = {Amor, J.J. and Robles, G. and Gonzalez-Barahona, J.M. and Herraiz,
	I.},
  title = {{From Pigs to Stripes: A Travel through Debian}},
  journal = {Proceedings of DebConf5 (Debian Developers Annual Meeting), Helsinki,
	Finland},
  year = {2005},
  annote = {Comunicació que van presentar els autors a la cinquena trobada anual
	de desenvolupadors de Debian. Els autors ofereixen una anàlisi de
	l'evolució del número i la tipologia ---llenguatge de programació,
	línies de codi font,...--- dels paquets de codi font del sistema
	Debian. També analitzen, més breument, l'evolució del número de desenvolupadors
	del projecte. \cite{krafft:2007} els cita com a font de les dades
	del número de paquets i desenvolupadors en el període 2000-2005.
	En aquesta recerca cito les dades dels països amb més desenvolupadors
	de Debian que proporcionen en aquesta comunicació. [URL consultat
	setembre 2008]},
  url = {http://pascal.case.unibz.it/retrieve/4229/debconf.pdf}
}

@ARTICLE{arrow:1962,
  author = {Arrow, K.},
  title = {{Economic Welfare and the Allocation of Resources for Invention}},
  journal = {The Rate and Direction of Inventive Activity},
  year = {1962},
  pages = {609--626},
  owner = {jtorrents},
  publisher = {National Bureau of Economic Research, Inc},
  timestamp = {2009.11.16}
}

@ARTICLE{attewell:1987,
  author = {Attewell, P.},
  title = {{The deskilling controversy}},
  journal = {Work and Occupations},
  year = {1987},
  volume = {14},
  pages = {323},
  number = {3},
  owner = {jtorrents},
  timestamp = {2009.11.04}
}

@BOOK{axelrod:1997,
  title = {{The complexity of cooperation: Agent-based models of competition
	and collaboration}},
  publisher = {Princeton Univ Pr},
  year = {1997},
  author = {Axelrod, R.M.},
  owner = {jtorrents},
  timestamp = {2009.07.02}
}

@ARTICLE{axelrod1981,
  author = {Axelrod, R. and Hamilton, WD},
  title = {{The evolution of cooperation}},
  journal = {Science},
  year = {1981},
  volume = {211},
  pages = {1390--1396},
  number = {4489},
  url = {http://www.cdnresearch.net/pubs/others/axelrod_ham_1981.pdf}
}

@BOOK{baran:1900,
  title = {El capital monopolista},
  publisher = {Laia},
  year = {1900},
  author = {Paul A. Baran and Paul M. Sweezy}
}

@BOOK{benkler:2006,
  title = {The Wealth of Networks},
  publisher = {Yale University Press},
  year = {2006},
  author = {Yochai Benkler},
  url = {http://www.benkler.org/Benkler_Wealth_Of_Networks.pdf}
}

@ARTICLE{benkler:2005,
  author = {Yochai Benkler},
  title = {La economía política de los bienes comunes},
  journal = {Sin Permiso},
  year = {2005},
  annote = {En aquest article de divulgació, Benkler exposa de manera clara i
	concisa els sistemes de regulació dels béns comunals o procomú. Defineix
	els béns comunals com un tipus particular d'ordenació institucional
	per a governar l'ús i la disposició dels recursos. La seva característica
	principal, a diferència de la propietat privada, és que cap persona
	en té un control exclusiu ni la capacitat d'excloure altres persones
	del seu ús i disposició. Benkler destaca que gran part del coneixement
	és gestionat com un bé comunal. Sense aquest repositori comú de coneixement
	no es podria concebre la Humanitat. [URL consultat setembre 2008]},
  url = {http://www.sinpermiso.info/}
}

@ARTICLE{benkler:2002,
  author = {Yochai Benkler},
  title = {Coase’s Penguin, or, Linux and The Nature of the Firm},
  journal = {The Yale Law Journal},
  year = {2002},
  annote = {Aquest article de Benkler analitza el model de producció del programari
	lliure, al que anomena <<\emph{commons based peer production}>>,
	a partir del marc teòric dels costos de transacció proposat per l'economista
	Ronald Coase. Benkler es centra en demostrar, per una banda, que
	el model <<\emph{commons based peer production}>> és qualitativament
	diferent que els models de producció basats en la jerarquia empresarial
	i en el mercat i, per l'altra, que té avantatges significatives a
	l'hora de identificar i assignar creativitat humana a les diferents
	parts del procés de producció. [URL consultat setembre 2008]},
  url = {http://www.yale.edu/yalelj/112/BenklerWEB.pdf}
}

@BOOK{bloor:1976,
  title = {Knowlege and Social Imaginery},
  publisher = {Routledge},
  year = {1976},
  author = {David Bloor}
}

@ARTICLE{borgatti:2000,
  author = {Borgatti, S.P. and Everett, M.G.},
  title = {{Models of core/periphery structures}},
  journal = {Social networks},
  year = {2000},
  volume = {21},
  pages = {375--395},
  number = {4},
  owner = {jtorrents},
  publisher = {Elsevier},
  timestamp = {2010.05.31}
}

@INBOOK{borgatti,
  chapter = {Analyzing Affiliation Networks},
  title = {The Sage Handbook of Social Network Analysis},
  publisher = {Sage Publications},
  year = {In press},
  editor = {Carrington, P. and Scott, J},
  author = {Borgatti, S.P. and Halgin, D},
  owner = {jtorrents},
  timestamp = {2010.04.28},
  url = {http://www.steveborgatti.com/papers/bhaffiliations.pdf}
}

@BOOK{braverman:1974,
  title = {{Labor and monopoly capital: The degradation of work in the twentieth
	century}},
  publisher = {Monthly Review Press},
  year = {1974},
  author = {Braverman, H.},
  owner = {jtorrents},
  timestamp = {2009.07.03}
}

@ARTICLE{brynjolfsson:1994,
  author = {Brynjolfsson, E. and Malone, T.W. and Gurbaxani, V. and Kambil, A.},
  title = {{Does information technology lead to smaller firms?}},
  journal = {Management Science},
  year = {1994},
  volume = {40},
  pages = {1628--1644},
  number = {12},
  owner = {jtorrents},
  publisher = {INFORMS},
  timestamp = {2009.11.17}
}

@ARTICLE{bunge:2004,
  author = {Bunge, M.},
  title = {{How does it work?: The search for explanatory mechanisms}},
  journal = {Philosophy of the social sciences},
  year = {2004},
  volume = {34},
  pages = {182},
  number = {2},
  owner = {jtorrents},
  timestamp = {2009.10.15}
}

@BOOK{burawoy:1982,
  title = {{Manufacturing consent: Changes in the labor process under monopoly
	capitalism}},
  publisher = {University of Chicago Press},
  year = {1982},
  author = {Burawoy, M.},
  owner = {jtorrents},
  timestamp = {2009.07.03}
}

@BOOK{castells:2003,
  title = {L'era de la informació: La societat xarxa},
  publisher = {Generalitat de Catalunya},
  year = {2003},
  author = {Manuel Castells},
  annote = {Primera part d'una de les obres més influents de finals del segle
	XX en l'àmbit de les ciències socials. Castells analitza les complexes
	interaccions entre la revolució de les tecnologies de la informació
	i la comunicació (TIC) i els canvis socials de les societats humanes.
	En aquesta recerca m'ha estat especialment útil el primer capítol
	d'aquest volum, en el que Castells planteja que el nucli de les tecnologies
	de la informació i la comunicació el formen tres àmbits tecnològics
	diferenciats que han confluït en el complex tecnològic del qual és
	Internet n'és la màxima expressió: la microelectrònica, les telecomunicacions
	i el programari. Val a dir que Castells també fa referència a l'enginyeria
	genètica com element important en la revolució de les TIC.}
}

@BOOK{castells:2002,
  title = {La Gal·làxia Internet},
  publisher = {Rosa dels vents},
  year = {2002},
  author = {Manuel Castells}
}

@ARTICLE{clauset:2007,
  author = {Clauset, A. and Shalizi, C.R. and Newman, MEJ},
  title = {{Power-law distributions in empirical data}},
  journal = {Arxiv preprint arXiv:0706.1062},
  year = {2007},
  annote = {Els autors alerten contra la tendència en la literatura d'anàlisi
	de xarxes a identificar distribucions potencials del grau sense anàlisis
	estadístiques rigoroses. En aquest \emph{paper} fan una revisió de
	diferents distribucions potencials del grau que han estat publicades
	en la literatura científica i demostren que algunes d'elles no són
	potencials sinó que són altres tipus de distribucions que també es
	caracteritzen per ser asimètriques i tenir una cua (\emph{tail})
	dreta rellevant (pe exponencial, lognormal,...). Els autors proposen
	un mètode estadístic per fer estimacions rigoroses i proporcionen
	programari (escrit en \texttt{R} i en \texttt{C}) per implementar
	el seu mètode. He sotmès les dades de la xarxa de col·laboració de
	Debian a aquest mètode però com que no domino els procediments estadístics
	que proposen he preferit deixar per a la tesi el tractament matemàtic
	rigorós de les distribucions de paquets per persona i de nombre de
	col·laboradors per persona i només conjecturar aquí el caràcter potencial
	amb caiguda exponencial i punt de tall definit. [URL consultat setembre
	2008]},
  url = {http://arxiv.org/abs/0706.1062}
}

@ARTICLE{coase:1937,
  author = {Coase, RH},
  title = {{The nature of the firm}},
  journal = {Economica},
  year = {1937},
  volume = {4},
  pages = {386--405},
  number = {16},
  owner = {jtorrents},
  publisher = {Blackwell Publishing; The London School of Economics and Political
	Science},
  timestamp = {2009.11.16}
}

@BOOK{cohen:2000,
  title = {{Karl Marx's theory of history: a defence}},
  publisher = {Oxford University Press},
  year = {2000},
  author = {Cohen, G.A.},
  owner = {jtorrents},
  timestamp = {2009.10.29}
}

@BOOK{cohen:1986,
  title = {La teoria de la historia de Karl Marx: una defensa},
  publisher = {Siglo XXI},
  year = {1986},
  author = {Gerald A. Cohen},
  annote = {Un dels llibres més interessants i controvertits d'un teòric marxista
	de finals del segle XX. Cohen defensa una interpretació determinista
	tecnològica de la teoria de la història de Karl Marx a través de
	l'argument de la primacia de les forces productives. L'autor, en
	el desenvolupament del seu argument, proposa unes definicions de
	forces productives i de les relacions de producció molt acurades
	i coherents. Proposa una classificació de les formes històriques
	que han pres les relacions de les persones, respecte la seva força
	de treball i respecte els mitjans de producció, en els processos
	productius que els permetien aconseguir els mitjans de subsistència.
	Aquests dos eixos d'anàlisi m'han servit com a eix vertebrador de
	l'anàlisi sobre el model de producció del programari lliure. Al agafar
	les definicions i la classificació de Cohen no estic, en cap moment,
	acceptant el seu argument de la primacia de les forces productives}
}

@ARTICLE{coleman:2005,
  author = {Coleman, G.E.},
  title = {{Three Ethical Moments in Debian}},
  journal = {Social Science Research Network},
  year = {2005},
  volume = {805287},
  annote = {[URL consultat setembre 2008]},
  url = {http://ssrn.com/abstract=805287}
}

@article{coleman:1988,
  title={{Social Capital in the Creation of Human Capital}},
  author={Coleman, J.S.},
  journal={American Journal of Sociology},
  pages={95--120},
  year={1988},
  publisher={JSTOR}
}

@MISC{igraph,
  author = {Gábor Csárdi and Tamás Nepusz},
  title = {The igraph software package for complex network research},
  year = {2006},
  annote = {[URL consultat setembre 2008]},
  number = {1695},
  publisher = {InterJournal Complex Systems},
  url = {http://cneurocvs.rmki.kfki.hu/igraph/}
}

@ARTICLE{davis:2003,
  author = {Davis, G.F. and Yoo, M. and Baker, W.E.},
  title = {{The small world of the American corporate elite, 1982-2001}},
  journal = {Strategic organization},
  year = {2003},
  volume = {1},
  pages = {301},
  number = {3},
  owner = {jtorrents},
  timestamp = {2010.05.31}
}

@BOOK{diestel:2005,
  title = {Graph Theory},
  publisher = {Springer-Verlag},
  year = {2005},
  author = {Reinhard Diestel},
  annote = {[URL consultat setembre 2008]},
  url = {http://www.math.uni-hamburg.de/home/diestel/books/graph.theory/}
}

@BOOK{doreian:1998,
  title = {{The problem of solidarity: theories and models}},
  publisher = {Routledge},
  year = {1998},
  author = {Doreian, P. and Fararo, T.J.}
}

@BOOK{durkheim:2008,
  title = {{The division of labor in society}},
  publisher = {Free Press},
  year = {[1893] 2008},
  author = {Durkheim, E.},
  owner = {jtorrents},
  timestamp = {2009.11.13}
}

@ARTICLE{eguiluz:2005,
  author = {Egu{\'\i}luz, V.M. and Zimmermann, M.G. and Cela-Conde, C.J. and
	Miguel, M.S.},
  title = {{Cooperation and the Emergence of Role Differentiation in the Dynamics
	of Social Networks 1}},
  journal = {American journal of sociology},
  year = {2005},
  volume = {110},
  pages = {977--1008},
  number = {4},
  owner = {jtorrents},
  publisher = {UChicago Press},
  timestamp = {2009.07.02}
}

@BOOK{elster:1992,
  title = {El cambio tecnológico},
  publisher = {Gedisa},
  year = {1992},
  author = {Jon Elster},
  annote = {Aquest llibre fou preparat com a part d'uns cursos de doctorat dirigits
	per Elster. El gruix del contingut es dedica a l'anàlisi de diferents
	teories socials sobre el canvi tecnològic i a les controvèrsies epistemològiques
	que plantegen les diverses teories al concebre el canvi tecnològic.
	En aquesta recerca el cito especialment per l'annex II, en el que
	Elster discuteix la concepció determinista tecnològica de Cohen i
	proposa una interpretació interessant del <<Pròleg a la Contribució
	a la crítica de l'economia política>> de Karl Marx. Una de les propostes
	que m'han inspirat especialment és que, a diferència del que proposa
	l'economia política clàssica, el que cal no és incentivar la innovació
	de les persones sinó retirar els obstacles que s'oposen a la natural
	tendència innovadora dels humans}
}

@BOOK{elster:1983,
  title = {{Explaining technical change: A case study in the philosophy of science}},
  publisher = {Cambridge University Press},
  year = {1983},
  author = {Elster, J.},
  owner = {jtorrents},
  timestamp = {2009.11.25}
}

@BOOK{engestrom:1990,
  title = {{Learning, working and imagining: Twelve studies in activity theory}},
  publisher = {Orienta-Konsultit Oy, Helsinki},
  year = {1990},
  author = {Engeström, Y.},
  owner = {jtorrents},
  timestamp = {2009.10.15}
}

@BOOK{engestrom:1987,
  title = {{Learning by expanding: An activity-theoretical approach to developmental
	research}},
  publisher = {Orienta-Konsultit Helsinki},
  year = {1987},
  author = {Engeström, Y.},
  owner = {jtorrents},
  timestamp = {2009.10.15}
}

@CONFERENCE{feller:2000,
  author = {Feller, J. and Fitzgerald, B.},
  title = {{A framework analysis of the open source software development paradigm}},
  booktitle = {Proceedings of the twenty first international conference on Information
	systems},
  year = {2000},
  pages = {69},
  organization = {Association for Information Systems},
  owner = {jtorrents},
  timestamp = {2009.11.02}
}

@INCOLLECTION{ferraro:2010,
  author = {Ferraro, Fabrizio and Siobhan O'Mahony},
  title = {Managing the boundaries of an 'Open' project},
  booktitle = {The Emergence of Organizations and Markets},
  publisher = {Padgett, John and Walter Powell},
  year = {2010},
  owner = {jtorrents},
  timestamp = {2010.06.01}
}

@ARTICLE{form:1987,
  author = {Form, W.},
  title = {{On the degradation of skills}},
  journal = {Annual Review of Sociology},
  year = {1987},
  volume = {13},
  pages = {29--47},
  number = {1},
  owner = {jtorrents},
  publisher = {Annual Reviews},
  timestamp = {2009.11.04}
}

@ARTICLE{dh:2008,
  author = {Garbee, B and Koptein, H and Lohner, N and Lowe, W and Mitchell,
	B and Murdok, I and Schulze, M and Fernández-Sanguino, J},
  title = {{A Brief History of Debian}},
  journal = {Debian Project},
  year = {2008},
  annote = {[URL consultat setembre 2008]},
  url = {http://www. debian.org/doc/ manuals/ project-history}
}

@TECHREPORT{ghosh:2006,
  author = {Ghosh, R. and others},
  title = {{Final report. Study on the economic impact of open source software
	on innovation and the competitiveness of the information and communication
	technologies (ict) sector in the EU}},
  institution = {Technical report, UNU-MERIT, NL},
  year = {2006},
  annote = {[URL consultat setembre 2008]},
  url = {http:// ec.europa.eu/enterprise/ ict/policy/doc/ 2006-11-20-flossimpact.pdf}
}

@CONFERENCE{godfrey:2000,
  author = {Godfrey, M.W. and Tu, Q.},
  title = {{Evolution in open source software: A case study}},
  booktitle = {16th IEEE International Conference on Software Maintenance (ICSM’00)},
  year = {2000},
  organization = {Citeseer},
  owner = {jtorrents},
  timestamp = {2009.11.02}
}

@BOOK{gouldner:1954,
  title = {{Patterns of industrial bureaucracy}},
  publisher = {Free Press},
  year = {1954},
  author = {Gouldner, A.W.},
  owner = {jtorrents},
  timestamp = {2009.11.17}
}

@ARTICLE{goyal:2006,
  author = {Goyal, S. and Van Der Leij, M.J. and Moraga-Gonz{\'a}lez, J.L.},
  title = {{Economics: an emerging small world}},
  journal = {Journal of Political Economy},
  year = {2006},
  volume = {114},
  number = {2},
  owner = {jtorrents},
  publisher = {UChicago Press},
  timestamp = {2010.05.11}
}

@ARTICLE{granovetter:1985,
  author = {Granovetter, M.},
  title = {{Economic action and social structure: the problem of embeddedness}},
  journal = {American Journal of Sociology},
  year = {1985},
  volume = {91},
  pages = {481},
  number = {3},
  owner = {jtorrents},
  publisher = {UChicago Press},
  timestamp = {2010.05.13}
}

@ARTICLE{guimera:2005,
  author = {Guimerà, R. and Uzzi, B. and Spiro, J. and Amaral, L.A.N.},
  title = {{Team assembly mechanisms determine collaboration network structure
	and team performance}},
  journal = {Science},
  year = {2005},
  volume = {308},
  pages = {697--702},
  number = {5722},
  owner = {jtorrents},
  publisher = {American Association for the Advancement of Science},
  timestamp = {2009.07.15}
}

@MISC{networkx,
  author = {Aric Hagberg and Dan Schult and Pieter Swart},
  title = {NetworkX, high productivity software for complex networks},
  year = {2006},
  annote = {[URL consultat setembre 2008]},
  publisher = {Los Alamos National Laboratory},
  url = {https://networkx.lanl.gov/wiki}
}

@BOOK{harary:1969,
  title = {Graph Theory},
  publisher = {Addison-Wesley},
  year = {1969},
  author = {Harary, Frank},
  owner = {jtorrents},
  timestamp = {2010.05.31}
}

@ARTICLE{hardin:1968,
  author = {Hardin, G.},
  title = {{The tragedy of the commons}},
  journal = {Science},
  year = {1968},
  volume = {162},
  pages = {1243--1248},
  number = {3859},
  owner = {jtorrents},
  timestamp = {2009.11.25}
}

@ARTICLE{hargrave:2006,
  author = {Hargrave, T.J. and Van de Ven, A.H.},
  title = {{A collective action model of institutional innovation}},
  journal = {Academy of Management Review},
  year = {2006},
  volume = {31},
  pages = {864},
  number = {4},
  owner = {jtorrents},
  publisher = {Citeseer},
  timestamp = {2009.11.02}
}

@ARTICLE{hars:2002,
  author = {Hars, A. and Ou, S.},
  title = {{Working for free? Motivations for participating in open-source projects}},
  journal = {International Journal of Electronic Commerce},
  year = {2002},
  volume = {6},
  pages = {25--39},
  number = {3},
  owner = {jtorrents},
  publisher = {ME Sharpe},
  timestamp = {2009.11.02}
}

@BOOK{harvey:2005,
  title = {{The new imperialism}},
  publisher = {Oxford University Press, USA},
  year = {2005},
  author = {Harvey, D.},
  owner = {jtorrents},
  timestamp = {2009.11.04}
}

@BOOK{harvey:2004,
  title = {La condición de la posmodernidad},
  publisher = {Amorrortu editores},
  year = {2004},
  author = {David Harvey},
  annote = {Una brillant anàlisi del fenomen de la posmodernitat. Harvey dedica
	atenció al procés de modernització capitalista des de la perspectiva
	teòrica de Marx. Tot i que el tema i l'objectiu del llibre de Harvey
	queden lluny d'aquesta recerca, el plantejament que fa de la perspectiva
	de Marx m'és útil per a exposar, a grans trets, el caràcter intrínsecament
	dinàmic i revolucionari del capitalisme. Tal com deien Marx i Engels
	en el Manifest comunista, <<tot allò sòlid es dissol en l'aire>>}
}

@BOOK{harvey:2003,
  title = {El nuevo imperialimo},
  publisher = {Akal},
  year = {2003},
  author = {David Harvey},
  annote = {Penso que aquest llibre conté una de les aportacions teòriques més
	interessants en la tradició marxista en els últims anys. Harvey planteja
	que les característiques de l'acumulació originaria descrites per
	Marx continuen desenvolupant un paper clau en el capitalisme d'avui
	en dia. Proposa revisar la teoria clàssica marxiana que relega l'acumulació
	originària a l'etapa prèvia a l'establiment del sistema capitalista
	i actualitzar-la per reflectir la realitat del paper que juga aquest
	tipus d'acumulació basada en l'espoli i la violència en el capitalisme
	actual. Harvey proposa anomenar-la acumulació per despossessió i
	destaca que alguns mecanismes que van ser descrits per Marx s'han
	perfeccionat fins al punt que juguen un paper central en el manteniment
	de la continua acumulació de capital. Els mecanismes principals de
	l'acumulació per despossessió són la concentració de capital (capital
	financer) i els drets de propietat intel·lectual. En aquesta recerca
	plantejo que el canvi de política de les grans empreses de programari
	a la dècada dels vuitanta del segle XX i la progressiva implantació
	de les patents de programari responen a una estratègia d'acumulació
	per despossessió i que el moviment pel programari lliure es va desenvolupar,
	en bona part, com a resposta a aquest fet}
}

@BOOK{hedstrom:1998,
  title = {{Social mechanisms: An analytical approach to social theory}},
  publisher = {Cambridge University Press},
  year = {1998},
  author = {Hedström, P. and Swedberg, R.},
  owner = {jtorrents},
  timestamp = {2009.10.15}
}

@ARTICLE{hertel:2003,
  author = {Hertel, G. and Niedner, S. and Herrmann, S.},
  title = {{Motivation of software developers in Open Source projects: an Internet-based
	survey of contributors to the Linux kernel}},
  journal = {Research Policy},
  year = {2003},
  volume = {32},
  pages = {1159--1177},
  number = {7},
  owner = {jtorrents},
  publisher = {Elsevier},
  timestamp = {2009.11.02}
}

@ARTICLE{hippel:2001,
  author = {Hippel, E.},
  title = {{Innovation by user communities: Learning from open-source software}},
  journal = {MIT Sloan Management Review},
  year = {2001},
  volume = {42},
  pages = {82},
  number = {4},
  owner = {jtorrents},
  timestamp = {2009.11.02}
}

@ARTICLE{johnson:1977,
  author = {Johnson, A.G. and Whyte, W.F.},
  title = {{The Mondragon system of worker production cooperatives}},
  journal = {Industrial and Labor Relations Review},
  year = {1977},
  volume = {31},
  pages = {18--30},
  number = {1},
  owner = {jtorrents},
  publisher = {Cornell University, School of Industrial \& Labor Relations},
  timestamp = {2009.10.26}
}

@ARTICLE{jones:2008,
  author = {Jones, B.F. and Wuchty, S. and Uzzi, B.},
  title = {{Multi-university research teams: shifting impact, geography, and
	stratification in science}},
  journal = {science},
  year = {2008},
  volume = {322},
  pages = {1259},
  number = {5905},
  owner = {jtorrents},
  publisher = {AAAS},
  timestamp = {2009.11.04}
}

@MISC{knuth:1994,
  author = {Donald Knuth},
  title = {Letter to the Patent Office},
  year = {1994},
  annote = {Donald Knuth és un dels científics més rellevants de la ciència de
	la computació de l'últim terç del segle XX. En aquesta carta a l'oficina
	de patents del congrés dels EUA, escrita el 1994, exposa les raons
	per les quals la comunitat científica s'oposa a les patents de programari.
	Proposa una analogia potent per explicar la situació. Patentar algorismes
	seria com si es permetés als autors i editors patentar paraules i
	conceptes. Els algorismes són tant fonamentals per al programari
	com les paraules i conceptes pels escriptors. Els algorismes són
	les peces bàsiques amb les quals s'aconsegueix que els ordenadors
	facin coses útils.. [URL consultat setembre 2008]},
  url = {http://lpf.ai.mit.edu/Patents/knuth-to-pto.txt}
}

@ARTICLE{koch:2002,
  author = {Koch, S. and Schneider, G.},
  title = {{Effort, co-operation and co-ordination in an open source software
	project: GNOME}},
  journal = {Information Systems Journal},
  year = {2002},
  volume = {12},
  pages = {27--42},
  number = {1},
  owner = {jtorrents},
  timestamp = {2009.11.02}
}

@ARTICLE{kogut:2001,
  author = {Kogut, B. and Metiu, A.},
  title = {{Open-source software development and distributed innovation}},
  journal = {Oxford Review of Economic Policy},
  year = {2001},
  volume = {17},
  pages = {248},
  number = {2},
  owner = {jtorrents},
  publisher = {Oxford University Press},
  timestamp = {2009.10.29}
}

@ARTICLE{kozlowski:2003,
  author = {Kozlowski, S.W.J. and Bell, B.S.},
  title = {{Work groups and teams in organizations}},
  journal = {Handbook of psychology: Industrial and organizational psychology},
  year = {2003},
  volume = {12},
  pages = {333--375},
  owner = {jtorrents},
  timestamp = {2009.11.04}
}

@ARTICLE{kozlowski:2006,
  author = {Kozlowski, SW and Ilgen, D.R.},
  title = {{Enhancing the effectiveness of work groups and teams}},
  journal = {Psychological Science in the Public Interest},
  year = {2006},
  volume = {7},
  pages = {77},
  number = {3},
  owner = {jtorrents},
  publisher = {Citeseer},
  timestamp = {2009.11.04}
}

@ARTICLE{krafft:2007,
  author = {Krafft, M.F.},
  title = {{Method diffusion in large open-source projects}},
  year = {2007},
  annote = {Proposta de tesi doctoral de Krafft que analitza la difusió de metodologies
	tècniques en el marc del projecte Debian. En aquesta recerca l'utilitzo
	especialment per les dades que presenta de l'evolució del número
	de desenvolupadors i del número de paquets en les versions estables
	del sistema Debian. [URL consultat setembre 2008]},
  url = {http://martin-krafft.net/phd/proposal.pdf}
}

@BOOK{krafft:2005,
  title = {{The Debian System: Concepts and Techniques}},
  publisher = {Open Source Press},
  year = {2005},
  author = {Krafft, M.F.},
  annote = {Informalment s'anomena la <<Bíblia>> de Debian a aquest llibre. Krafft
	és desenvolupador oficial de Debian i investigador en l'àmbit de
	l'enginyeria de programari. Aquest llibre conté la informació essencial
	del funcionament del sistema Debian. Recull els aspectes socials
	claus del projecte, però es centra en la vessant tècnica. Detalla
	processos i normatives tècniques que van des de la creació de paquets
	a la instal·lació del sistema Debian}
}

@ARTICLE{lakhani:2003,
  author = {Lakhani, K.R. and Von Hippel, E.},
  title = {{How open source software works:“free” user-to-user assistance}},
  journal = {Research policy},
  year = {2003},
  volume = {32},
  pages = {923--943},
  number = {6},
  owner = {jtorrents},
  publisher = {Elsevier},
  timestamp = {2009.11.02}
}

@ARTICLE{latapy:2008,
  author = {Latapy, M. and Magnien, C. and Vecchio, N.D.},
  title = {{Basic notions for the analysis of large two-mode networks}},
  journal = {Social Networks},
  year = {2008},
  volume = {30},
  pages = {31--48},
  number = {1},
  publisher = {Elsevier}
}

@BOOK{latour:1992,
  title = {Ciencia en acción},
  publisher = {Labor},
  year = {1992},
  author = {Bruno Latour}
}

@ARTICLE{lerner:2005,
  author = {Lerner, J. and Tirole, J.},
  title = {{The scope of open source licensing}},
  journal = {Journal of Law, Economics, and Organization},
  year = {2005},
  volume = {21},
  pages = {20},
  number = {1},
  owner = {jtorrents},
  publisher = {Oxford Univ Press},
  timestamp = {2009.11.02}
}

@ARTICLE{lind:2005,
  author = {Lind, P.G. and Gonzalez, M.C. and Herrmann, H.J.},
  title = {{Cycles and clustering in bipartite networks}},
  journal = {Physical Review E},
  year = {2005},
  volume = {72},
  pages = {56127},
  number = {5},
  publisher = {APS}
}

@ARTICLE{ljungberg:2000,
  author = {Ljungberg, J.},
  title = {{Open source movements as a model for organising}},
  journal = {European Journal of Information Systems},
  year = {2000},
  volume = {9},
  pages = {208--216},
  number = {4},
  owner = {jtorrents},
  publisher = {Palgrave Macmillan},
  timestamp = {2009.11.02}
}

@ARTICLE{lopez:2006,
  author = {Lopez, L. and Robles, G. and Gonzalez-Barahona, J.M. and Herraiz,
	I.},
  title = {{Applying social network analysis techniques to community-driven
	libre software projects}},
  journal = {International Journal of Information Technology and Web Engineering},
  year = {2006},
  volume = {11},
  pages = {321--336},
  number = {4},
  annote = {En aquest article els autors utilitzen tècniques d'anàlisi de xarxes
	socials per tal d'analitzar tres grans projectes de programari lliure:
	\texttt{KDE}, \texttt{GNOME} i \texttt{Apache}. El procediment per
	a la construcció de les xarxes de col·laboració es basa també en
	la xarxa d'afiliació de les contribucions en codi font de les persones
	en els mòduls dels projectes de programari: si dos persones han fet
	contribucions al mateix mòdul estaran enllaçades per una aresta.
	Els autors també incorporen la intensitat de la relació de col·laboració
	a partir del número de línies de codi font que les persones han aportat
	als mòduls del projecte en què treballen conjuntament. L'anàlisi
	que presenten els autors i la que jo presento en la meva recerca
	té punts en comú, especialment l'estratègia de construcció de la
	xarxa de col·laboració. Val a dir que vaig conèixer aquest article
	quan ja havia construït i començat a analitzar la xarxa de col·laboració
	de Debian. Cal destacar que la seva anàlisi sobre la distribució
	de grau de les xarxes de \texttt{KDE}, \texttt{GNOME} i \texttt{Apache}
	ofereix resultats parcialment diferents als que obtingut en l'anàlisi
	de la de Debian. [URL consultat setembre 2008]},
  url = {http://ladyr.es/assets/files/papers/llopez/jounalPapers/06_Lopez_ijitwe_sna.pdf}
}

@ARTICLE{maccormack:2006,
  author = {MacCormack, A. and Rusnak, J. and Baldwin, C.Y.},
  title = {{Exploring the structure of complex software designs: An empirical
	study of open source and proprietary code}},
  journal = {Management Science},
  year = {2006},
  volume = {52},
  pages = {1015},
  number = {7},
  owner = {jtorrents},
  publisher = {Citeseer},
  timestamp = {2009.11.02}
}

@BOOK{march:2000,
  title = {{The dynamics of rules: Change in written organizational codes}},
  publisher = {Stanford University Press},
  year = {2000},
  author = {March, J.G. and Schulz, M. and Chou, H. and Zhou, X.},
  owner = {jtorrents},
  timestamp = {2009.11.05}
}

@BOOK{marx:1990,
  title = {{Capital: a critique of political economy. Volume 1}},
  publisher = {Penguin Books in association with New Left Review},
  year = {1990},
  author = {Marx, K.},
  owner = {jtorrents},
  timestamp = {2009.09.01}
}

@BOOK{marx:1977,
  title = {{Capital, vol. 1}},
  year = {1977},
  author = {Marx, K.},
  journal = {New York: Vintage},
  owner = {jtorrents},
  timestamp = {2009.07.03}
}

@BOOK{marx:1969,
  title = {{Economic and philosophic manuscripts of 1844}},
  publisher = {International Publishers},
  year = {1969},
  author = {Marx, K.},
  owner = {jtorrents},
  timestamp = {2009.11.13}
}

@BOOK{marx:1867,
  title = {El Capital},
  publisher = {Fondo de Cultura Económica},
  year = {1867},
  author = {Karl Marx},
  volume = {I},
  annote = {Un dels llibres més influents de la història de les ciències socials
	i, probablement, de la Història. Aquest primer volum està dedicat
	a les mercaderies i els diners, a la transformació dels diners en
	capital, a la producció de plusvàlua absoluta i relativa (cooperació
	simple, manufactura i gran indústria), als salaris, al procés d'acumulació
	de capital i al que anomena acumulació originaria de capital. Considero
	que una de les principals aportacions a la meva formació teòrica
	que he obtingut del doctorat de sociologia ha estat la lectura acurada
	de parts d'aquest llibre. En aquesta recerca, a més dels conceptes
	de forces productives i relacions de producció sintetitzats per Cohen,
	m'ha servit especialment l'anàlisi del procés de subordinació del
	treball al Capital, que Marx caracteritza com el pas de la subsunció
	formal a la subsunció real del treball en el capital. El model de
	producció del programari lliure és un contraexemple interessant a
	aquesta tendència històrica en el capitalisme de subordinació del
	treball als objectius i necessitats del capital}
}

@BOOK{marx:1859,
  title = {Pròleg a la Contribució a la crítica de l'economia política},
  publisher = {buscar},
  year = {1859},
  author = {Karl Marx},
  annote = {Aquest pròleg és dels textos més citats de Marx. Ha estat objecte
	de múltiples discussions i controvèrsies entre els autors que, en
	certa mesura, es consideren hereus de la seva tradició intel·lectual.
	Marx exposa, en poques paraules, la idea principal que va guiar el
	seu treball intel·lectual. En aquesta recerca el cito com una de
	les principals fonts d'inspiració que em van portar a estudiar el
	fenomen del programari lliure, en general, i el seu model de producció,
	en particular}
}

@BOOK{marx:1857,
  title = {El divuit brumari de Lluís Bonaparte},
  year = {1857},
  author = {Karl Marx}
}

@BOOK{marx:1849,
  title = {Treball assalariat i Capital},
  publisher = {buscar},
  year = {1849},
  author = {Karl Marx}
}

@BOOK{marx:2002,
  title = {{The communist manifesto}},
  publisher = {Penguin Classics},
  year = {2002},
  author = {Marx, K. and Engels, F.},
  owner = {jtorrents},
  timestamp = {2009.11.13}
}

@BOOK{marx:1848,
  title = {El manifest del partit comunista},
  publisher = {??},
  year = {1848},
  author = {Karl Marx and Frederic Engels}
}

@ARTICLE{merton:1988,
  author = {Robert K. Merton},
  title = {{The Matthew Effect in Science, II}},
  journal = {ISIS},
  year = {1988},
  volume = {79},
  pages = {606--623},
  annote = {Aquest article fou escrit 40 anys després que \cite{merton:1942},
	tot i que es centra en l'efecte Mateu, Merton fa una reflexió rellevant
	sobre l'\emph{ethos} de la Ciència. Davant la proposta de canviar
	el nom de l'imperatiu de la Ciència que originalment va anomenar
	<<comunisme>> per <<comunalisme>> per tal d'evitar les connotacions
	del terme <<comunisme>>, Merton defensa la idoneïtat d'anomenar <<comunisme>>
	a l'imperatiu institucional perquè entronca amb el lema que utilitzà
	Karl Marx per descriure uns societat plenament comunista: <<de cadascú
	segons les seves capacitats, a cadascú segons les seves necessitats>>.
	Aquesta és una pràctica institucionalitzada en el sistema de comunicació
	de la Ciència perquè l'única manera que tenen els científics de rebre
	el reconeixment dels seus iguals és publicant els resultats del seu
	treball, que passen a formar part del repositori comú de coneixment.
	D'aquesta manera, les normes institucionals de la ciència fomenten
	i enforteixen la gestió del coneixment com a bé comunal. A més, com
	que la utilització del coneixment per part d'una persona no impedeix
	ni obstaculitza la utilització del mateix coneixment per part d'una
	altra persona, el coneixment gestionat com a bé comunal no està sotmès
	al que Hardin va anomenar <<la tragèdia dels béns comuns>>. [URL
	consultat setembre 2008]},
  url = {http://www.garfield.library.upenn.edu/merton/matthewii.pdf}
}

@BOOK{merton:1979,
  title = {{The sociology of science: Theoretical and empirical investigations}},
  publisher = {University of Chicago Press},
  year = {1979},
  author = {Robert K. Merton},
  owner = {jtorrents},
  timestamp = {2010.05.10}
}

@ARTICLE{merton:1968,
  author = {Robert K. Merton},
  title = {{The Matthew Effect in Science}},
  journal = {Science},
  year = {1968},
  volume = {159},
  pages = {56--63},
  number = {3810},
  annote = {Estudi clàssic de sociologia de la ciència. Merton planteja que l'efecte
	Mateu consisteix en què els científics eminents són desproporcionadament
	reconeguts per les seves contribucions científiques mentres que els
	científics menys reputats tendeixen a ser desproporcionadament poc
	reconeguts per les seves contribucions científiques, encara que les
	contribucions siguin comparables a les dels científics eminents.
	Merton destaca que aquest biaix en a favor dels científics eminents
	es produeix, sobretot, en casos de col·laboració entre científics
	i en casos de descobriments independents múltiples. En aquesta recerca
	el cito com a base teòrica per al concepte de <<\emph{preferential
	attachment}>> associat al creixement de xarxes complexes. [URL consultat
	setembre 2008]},
  url = {http://www.garfield.library.upenn.edu/merton/matthew1.pdf}
}

@ARTICLE{merton:1942,
  author = {Robert K. Merton},
  title = {Science and technology in a democratic order},
  journal = {Journal of Legal and Political Sociology},
  year = {1942},
  volume = {1},
  pages = {115--126},
  annote = {Un dels articles més importants de la sociologia de la ciència del
	segle XX. Merton planteja que la paraula Ciència és enganyosament
	àmplia, es pot referir a tres àmbits diferents però relacionats entre
	sí: (a) Ciència com a conjunt de mètodes per mitjà dels quals es
	certifica el coneixement, (b) Ciència com a conjunt de coneixments
	demostrats a través d'aquests mètodes i (c) Ciència com a conjunt
	de valors i normes culturals que governen les activitats científiques.
	Merton va definir l'\emph{ethos} de la Ciència com el conjunt de
	valors i normes que es consideren obligatòries pels científics. Els
	imperatius morals ---normes--- deriven directament de l'objectiu
	i del mètode de la Ciència i són tant prescripcions morals com tècniques.
	Merton afirma que l'\emph{ethos} de la ciència moderna inclou quatre
	conjunts d'imperatius institucionals: universalisme, <<comunisme>>,
	desinterès i escepticisme organitzat. En aquesta recerca el plantejament
	de Merton té un pes molt important perquè una de les hipòtesis principals
	és que les normes formals que regeixen el model de producció del
	programari lliure tenen les seves arrels en l'\emph{ethos} de la
	Ciència}
}

@ARTICLE{michlmayr:2004,
  author = {Michlmayr, M.},
  title = {{Managing volunteer activity in free software projects}},
  journal = {Proceedings of the 2004 USENIX Annual Technical Conference, FREENIX
	Track},
  year = {2004},
  pages = {93--102},
  annote = {Comunicació presentada a la prestigiosa conferència anual USENIX.
	Michlmayr era el líder del projecte Debian quan la va presentar.
	L'autor afirma que el fet que les persones que participen en la producció
	de programari lliure siguin voluntaris i estiguin dispersos geogràficament
	i es coordinin bàsicament a través de comunicacions electròniques
	planteja uns problemes que cal afrontar des de la perspectiva de
	control de qualitat. Proposa que cal crear mecanismes per detectar
	voluntaris inactius i exposa els mecanismes que ha adoptat fins el
	moment el projecte Debian. Michlmayr planteja que el manteniment
	col·laboratiu dels paquets de programari pot ser una bona opció per
	afegir redundància al procés de manteniment i empaquetament de programari
	en el marc del projecte Debian. [URL consultat setembre 2008]},
  url = {http://www.cyrius.com/publications/michlmayr-mia.pdf}
}

@INCOLLECTION{michlmayr:2007,
  author = {Michlmayr, Martin and Robles, Gregorio and Gonzalez-Barahona, Jesus
	M.},
  title = {Volunteers in Large Libre Software Projects: A Quantitative Analysis
	Over Time},
  booktitle = {Emerging Free and Open Source Software Practices},
  publisher = {IGI Publishing},
  year = {2007},
  editor = {Sowe, Sulayman K and Stamelos, Ioannis G. and Samoladas, Ioannis},
  pages = {1-24},
  address = {Hershey, PA, USA},
  annote = {Anàlisi quantitatiu i longitudinal ---un període de set anys--- de
	la participació de voluntaris en el projecte Debian amb especial
	atenció a la relació amb l'evolució del programari publicat en el
	sistema Debian. Els autors són reputats desenvolupadors de Debian
	i acadèmics de l'àmbit de l'enginyeria de programari. Aquest treball
	és la síntesi de múltiples \emph{papers} i comunicacions anteriors
	sobre l'organització del procés productiu amb persones que hi participen
	voluntàriament. En la recerca el cito en referència al canvi de política
	d'admissió en el projecte entre 1999 i 2000. De cara a l'anàlisi
	longitudinal de la xarxa de col·laboració que preparo per a la tesi
	em serà de molta ajuda els càlculs que proposen sobre el temps d'activitat
	mitjana dels voluntaris en el projecte Debian. [URL consultat setembre
	2008]},
  url = {http://www.cyrius.com /publications/michlmayr_ robles_barahona-volunteers_ large_projects.pdf}
}

@ARTICLE{mockus:2002,
  author = {Mockus, A. and Fielding, R.T. and Herbsleb, J.D.},
  title = {{Two Case Studies of Open Source Software Development: Apache and
	Mozilla}},
  journal = {ACM Transactions on Software Engineering and Methodology},
  year = {2002},
  volume = {11},
  pages = {309--346},
  number = {3}
}

@ARTICLE{moody:2004,
  author = {Moody, J.},
  title = {{The structure of a social science collaboration network: Disciplinary
	cohesion from 1963 to 1999}},
  journal = {American Sociological Review},
  year = {2004},
  volume = {69},
  pages = {213--238},
  number = {2},
  publisher = {American Sociological Association}
}

@ARTICLE{moody:2003,
  author = {Moody, J. and White, D.R.},
  title = {{Social cohesion and embeddedness: A hierarchical conception of social
	groups}},
  journal = {American Sociological Review},
  year = {2003},
  volume = {68},
  pages = {103--28},
  number = {1},
  publisher = {Citeseer}
}

@BOOK{mumford:1971,
  title = {Técnica y civilización},
  publisher = {Alianza Editorial},
  year = {1971},
  author = {Lewis Mumford},
  annote = {Un dels llibres clàssics de història de la tecnologia. Mumford demostra
	que les màquines han estat una part important de la tecnologia artesana
	i que, de fet, han tingut un paper rellevant en l'herència tècnica
	dels últims mil anys. Segons Mumford, en l'arrel del desenvolupament
	de les eines, instruments i màquines hi ha l'intent de modificar
	el medi ambient de tal manera que reforci i sostingui l'organisme
	humà. Mumford contraposa l'adaptació fisiològica al medi que caracteritza
	els organismes vius amb la capacitat d'adaptació ambiental dels humans.
	També para atenció als processos que han portat als humans a assimilar
	les màquines quasi com una extensió del seu propi organisme en el
	procés de relació amb el medi natural i amb la societat. En aquesta
	recerca el cito en referència a la naturalesa social dels processos
	de invenció i innovació tecnològica}
}

@BOOK{mumford:1938,
  title = {{Technics and civilization}},
  publisher = {Harcourt, Brace and Company},
  year = {1938},
  author = {Mumford, L.},
  owner = {jtorrents},
  timestamp = {2009.11.25}
}

@MISC{murdock:1994,
  author = {Murdock, I.},
  title = {{The Debian manifesto}},
  year = {1994}
}

@ARTICLE{newman:2004,
  author = {Newman, M.E.J.},
  title = {{Who is the best connected scientist? A study of scientific coauthorship
	networks}},
  journal = {Lecture notes in physics},
  year = {2004},
  volume = {650},
  pages = {337--370},
  owner = {jtorrents},
  publisher = {Springer},
  timestamp = {2009.11.27}
}

@ARTICLE{newman:2003,
  author = {M.E.J. Newman},
  title = {The structure and function of complex networks},
  journal = {SIAM Review},
  year = {2003},
  volume = {45},
  pages = {167},
  annote = {Aquest article és una de les revisions més acurades de l'estat de
	la teoria de xarxes complexes així com de les principals tècniques
	d'anàlisi estadístic que s'hi apliquen. Newman s'inspira en les anàlisis
	empíriques de sistemes complexos com Internet, xarxes socials o xarxes
	biològiques que han proliferat durant els últims anys. Newman revisa
	els principals desenvolupaments i conceptes en aquest camp: el fenomen
	\emph{small world}, la distribució de grau, \emph{clustering}, models
	de grafs aleatoris, models de creixement de les xarxes amb \emph{preferential
	attachemnt} i processos dinàmics que es produeixen en el marc de
	xarxes complexes. En aquesta recerca he pres les definicions matemàtiques
	que proposa Newman i he seguit les anàlisis estadístiques que proposa
	per tal d'analitzar el fenomen \emph{small wrold} i la distribució
	de grau en la xarxa de col·laboració entre les persones que participen
	en la producció del sistema Debian. [URL consultat setembre 2008]},
  url = {http://arxiv.org/abs/cond-mat/0303516}
}

@ARTICLE{newman:2003b,
  author = {Newman, MEJ},
  title = {{Mixing patterns in networks}},
  journal = {Physical Review E},
  year = {2003},
  volume = {67},
  pages = {26126},
  number = {2},
  owner = {jtorrents},
  publisher = {APS},
  timestamp = {2009.11.27}
}

@ARTICLE{newman:2001,
  author = {M.E.J. Newman},
  title = {{The structure of scientific collaboration networks}},
  journal = {Proceedings of the National Academy of Sciences of the United States
	of America},
  year = {2001},
  volume = {98},
  pages = {404--409},
  number = {2},
  annote = {Un dels estudis pioners en l'anàlisi d'una xarxa social rellevant,
	val la pena destacar que l'autor és físic. Newman analitza les pautes
	de relacions entre científics a partir de les bases de dades electròniques
	de publicacions científiques. Defineix relació com el fet que dos
	científics hagin escrit un \emph{paper} conjuntament. Aquesta estratègia
	de construcció de xarxes socials s'anomena \emph{affiliation networks}:
	la xarxa que es vol descriure esta composada per persones que, d'una
	manera o altre, pertanyen a un grup. Els enllaços ---arestes--- s'estableixen
	entre les persones ---vèrtexs--- que comparteixen la pertinença a
	un grup. L'anàlisi que presenta Newman en aquest \emph{paper} sobre
	el número de col·laboradors dels científics ha estat un model i una
	font d'inspiració per a l'anàlisi de la xarxa de col·laboració de
	Debian. [URL consultat setembre 2008]},
  url = {http://www.pnas.org/cgi/reprint/98/2/404.pdf}
}

@ARTICLE{newman:2001b,
  author = {Newman, MEJ},
  title = {{Scientific collaboration networks. II. Shortest paths, weighted
	networks, and centrality}},
  journal = {Physical Review E},
  year = {2001},
  volume = {64},
  pages = {16132},
  number = {1},
  owner = {jtorrents},
  publisher = {APS},
  timestamp = {2009.11.27}
}

@BOOK{newman:2006,
  title = {{The structure and dynamics of networks}},
  publisher = {Princeton University Press},
  year = {2006},
  author = {Newman, M.E.J. and Barab{\'a}si, A.L. and Watts, D.J.},
  annote = {Recull imprescindible dels principals papers, actuals i històrics,
	que han marcat el desenvolupament de l'anàlisi de xarxes complexes
	en diferents disciplines científiques. Els autors estructuren el
	recull en quatre grans parts: antecedents històrics, estudis empírics,
	models de xarxes complexes i aplicacions. Cada part conté els principals
	papers, en el format i la paginació original en els que foren publicats,
	junt amb una introducció que exposa els punts principals de cada
	paper segons el criteri dels autors del recull, els quals són destacats
	científics que han fet aportacions brillants a aquesta <<nova>> ciència
	de les xarxes. Un llibre imprescindible per a tenir una visió global
	d'aquest nou i excitant camp d'investigació científica}
}

@ARTICLE{nsw:2001,
  author = {Newman, MEJ and Strogatz, SH and Watts, DJ},
  title = {{Random graphs with arbitrary degree distributions and their applications}},
  journal = {Physical Review E},
  year = {2001},
  volume = {64},
  pages = {26118},
  number = {2},
  publisher = {APS}
}

@INPROCEEDINGS{udd:2010,
  author = {Lucas Nussbaum and Stefano Zacchiroli},
  title = {The Ultimate Debian Database: Consolidating Bazaar Metadata for Quality
	Assurance and Data Mining},
  booktitle = {7th IEEE Working Conference on Mining Software Repositories (MSR'2010)},
  year = {2010},
  owner = {jtorrents},
  timestamp = {2010.05.14}
}

@ARTICLE{mortensen:2009,
  author = {O'Leary, M.B. and Mortensen, M.},
  title = {{Go (Con) figure: Subgroups, Imbalance, and Isolates in Geographically
	Dispersed Teams}},
  journal = {Organization Science},
  year = {2009},
  volume = {21},
  pages = {115--131},
  number = {1},
  owner = {jtorrents},
  publisher = {INFORMS},
  timestamp = {2010.05.06}
}

@ARTICLE{omahony:2003,
  author = {O'Mahony, S.},
  title = {{Guarding the commons: how community managed software projects protect
	their work}},
  journal = {Research Policy},
  year = {2003},
  volume = {32},
  pages = {1179--1198},
  number = {7},
  owner = {jtorrents},
  publisher = {Elsevier},
  timestamp = {2009.11.02}
}

@ARTICLE{omahony:2007,
  author = {O'Mahony, S. and Ferraro, F.},
  title = {{The Emergence of Governance in an Open Source Community}},
  journal = {The Academy of Management Journal (AMJ)},
  year = {2007},
  volume = {50},
  pages = {1079--1106},
  number = {5},
  annote = {Un dels papers més recents sobre la governança del projecte Debian.
	O'Mahony i Ferraro analitzen la governança de Debian a partir de
	la combinació del mètode inductiu i el deductiu. Plantegen que els
	membres del projecte Debian han desenvolupat una base compartida
	d'autoritat formal limitada per mecanismes democràtics. La combinació
	de mecanismes burocràtics ---basats en una estricte meritocràcia---
	i mecanismes democràtics ha permès que les concepcions d'autoritat
	dins el projecte hagin evolucionat en el història del projecte Debian.
	En aquesta recerca parteixo de la seva anàlisi del sorgiment i implantació
	de la Constitució del projecte Debian},
  publisher = {Academy of Management}
}

@ARTICLE{ouchi:1980,
  author = {Ouchi, W.G.},
  title = {{Markets, bureaucracies, and clans}},
  journal = {Administrative science quarterly},
  year = {1980},
  volume = {25},
  pages = {129--141},
  number = {1},
  owner = {jtorrents},
  publisher = {Johnson Graduate School of Management, Cornell University},
  timestamp = {2009.11.13}
}

@ARTICLE{powell:1990,
  author = {Powell, W.W.},
  title = {{Neither market nor hierarchy: Network forms of organization}},
  journal = {Research in Organizational Behavior},
  year = {1990},
  volume = {12},
  pages = {295--336},
  owner = {jtorrents},
  timestamp = {2009.11.13}
}

@ARTICLE{powell:2004,
  author = {Powell, W.W. and Snellman, K.},
  title = {{The knowledge economy}},
  journal = {{Annual Review of Sociology}},
  year = {2004},
  pages = {{199--220}},
  owner = {jtorrents},
  publisher = {Annual Reviews},
  timestamp = {2010.05.07}
}

@BOOK{putnam:2001,
  title = {{Bowling alone: The collapse and revival of American community}},
  publisher = {Touchstone Books},
  year = {2001},
  author = {Putnam, R.D.},
  owner = {jtorrents},
  timestamp = {2009.11.13}
}

@MANUAL{R,
  title = {R: A Language and Environment for Statistical Computing},
  author = {{R Development Core Team}},
  organization = {R Foundation for Statistical Computing},
  address = {Vienna, Austria},
  year = {2008},
  note = {{ISBN} 3-900051-07-0},
  annote = {[URL consultat setembre 2008]},
  url = {http://www.R-project.org}
}

@BOOK{raymond:1999,
  title = {The Cathedral \& the Bazaar: Musings on {Linux} and Open Source by
	an Accidental Revolutionary},
  publisher = {O'Reilly \& Associates, Inc.},
  year = {1999},
  author = {Eric S. Raymond},
  annote = {Un dels assajos pioners i més celebrats que descriu el model de producció
	del programari lliure des de la perspectiva d'un programador que
	participa activament en projectes de programari lliure. Raymond exposa
	de manera molt suggerent, però potser massa poc rigorosa, les diferències
	entre el model clàssic d'enginyeria de programari ---que compara
	amb la construcció d'una catedral sota la direcció estricta d'un
	grup d'arquitectes--- i el model de producció del programari lliure
	---que compara amb un bazar---. Aquest assaig és àmpliament citat
	en la literatura científica sobre el programari lliure. Els propietaris
	de \emph{Netscape} afirmen que aquest assaig els va convèncer a publicar
	el codi font del seu navegador web sota una llicència lliure: així
	va néixer la fundació \emph{Mozilla} i el seu navegafor \emph{Firefox}}
}

@ARTICLE{reagans:2001,
  author = {Reagans, R. and Zuckerman, E.W.},
  title = {{Networks, diversity, and productivity: The social capital of corporate
	R\&D teams}},
  journal = {Organization Science},
  year = {2001},
  pages = {502--517},
  owner = {jtorrents},
  publisher = {Institute for Operations Research and the Management Sciences},
  timestamp = {2010.05.06}
}

@ARTICLE{zuckerman:2004,
  author = {Reagans, R. and Zuckerman, E. and McEvily, B.},
  title = {{How to make the team: Social networks vs. demography as criteria
	for designing effective teams}},
  journal = {Administrative Science Quarterly},
  year = {2004},
  pages = {101--133},
  owner = {jtorrents},
  publisher = {Cornell University Samuel Curtis Johnson Graduate School of Management},
  timestamp = {2010.05.06}
}

@ARTICLE{roberts:2006,
  author = {Roberts, J.A. and Hann, I.H. and Slaughter, S.A.},
  title = {{Understanding the motivations, participation, and performance of
	open source software developers: A longitudinal study of the apache
	projects}},
  journal = {Management Science},
  year = {2006},
  volume = {52},
  pages = {984},
  number = {7},
  owner = {jtorrents},
  timestamp = {2009.11.02}
}

@ARTICLE{robins:2004,
  author = {Robins, G. and Alexander, M.},
  title = {{Small worlds among interlocking directors: Network structure and
	distance in bipartite graphs}},
  journal = {Computational \& Mathematical Organization Theory},
  year = {2004},
  volume = {10},
  pages = {69--94},
  number = {1},
  publisher = {Springer}
}

@ARTICLE{robles:2005,
  author = {Robles, G. and Gonzalez-Barahona, J.M. and Michlmayr, M.},
  title = {{Evolution of volunteer participation in libre software projects:
	Evidence from Debian}},
  journal = {Proceedings of the First International Conference on Open Source
	Systems},
  year = {2005},
  pages = {100--107},
  url = {http://www.cyrius.com/ publications/ robles_barahona_michlmayr-evolution_ participation.pdf}
}

@BOOK{roca:2007,
  title = {{Software libre: empresa y administración en España y Cataluña}},
  publisher = {Edicions UOC},
  year = {2007},
  author = {Roca, Meritxell},
  annote = {Primer estudi acadèmic sobre la implantació del programari lliure
	en diferents àmbits socials i institucionals de l'estat espanyol.
	En aquesta recerca el cito per la introducció a la història del programari
	lliure, on sintetitza algunes del les aportacions més importants
	que s'han fet des de la literatura científica}
}

@BOOK{rothschild:1989,
  title = {{The Cooperative Workplace: Potentials and Dilemmas of Organisational
	Democracy and Participation}},
  publisher = {Cambridge University Press},
  year = {1989},
  author = {Rothschild, J. and Whitt, J.A.},
  owner = {jtorrents},
  timestamp = {2009.08.28}
}

@ARTICLE{rothschild:1979,
  author = {Rothschild-Whitt, J.},
  title = {{The collectivist organization: An alternative to rational-bureaucratic
	models}},
  journal = {American Sociological Review},
  year = {1979},
  pages = {509--527},
  owner = {jtorrents},
  publisher = {American Sociological Association},
  timestamp = {2009.08.27}
}

@BOOK{sacristan:1983,
  title = {Sobre Marx y Marxismo},
  publisher = {Icaria},
  year = {1983},
  author = {Manuel Sacristán}
}

@ARTICLE{salas:2008,
  author = {Salas, E. and Cooke, N.J. and Rosen, M.A.},
  title = {{On teams, teamwork, and team performance: Discoveries and developments}},
  journal = {Human Factors: The Journal of the Human Factors and Ergonomics Society},
  year = {2008},
  volume = {50},
  pages = {540},
  number = {3},
  owner = {jtorrents},
  timestamp = {2009.11.04}
}

@ARTICLE{santo:2007,
  author = {Santo Fortunato, Castellano C. and Torino, I.},
  title = {{Community Structure in Graphs}},
  journal = {Arxiv preprint arXiv:0712.2716},
  year = {2007},
  owner = {jtorrents},
  timestamp = {2009.11.27}
}

@ARTICLE{satow:1975,
  author = {Satow, R.L.},
  title = {{Value-rational authority and professional organizations: Weber's
	missing type}},
  journal = {Administrative Science Quarterly},
  year = {1975},
  pages = {526--531},
  owner = {jtorrents},
  publisher = {Cornell University Graduate School of Business and Public Administration},
  timestamp = {2009.11.17}
}

@BOOK{sennett:1999,
  title = {{The corrosion of character: The personal consequences of work in
	the new capitalism}},
  publisher = {WW Norton \& Company},
  year = {1999},
  author = {Sennett, R.},
  owner = {jtorrents},
  timestamp = {2009.11.13}
}

@ARTICLE{sewell:1998,
  author = {Sewell, G.},
  title = {{The discipline of teams: the control of team-based industrial work
	through electronic and peer surveillance}},
  journal = {Administrative Science Quarterly},
  year = {1998},
  volume = {43},
  number = {2},
  owner = {jtorrents},
  publisher = {Cornell University, Johnson Graduate School},
  timestamp = {2009.11.04}
}

@BOOK{solla:1986,
  title = {{Little science, big science... and beyond}},
  publisher = {Columbia University Press New York},
  year = {1986},
  author = {de Solla Price, D.J.},
  owner = {jtorrents},
  timestamp = {2010.05.07}
}

@ARTICLE{stallman:2006,
  author = {Richard M. Stallman},
  title = {{Did You Say `Intellectual Property'? It's a Seductive Mirage}},
  journal = {Policy Futures in Education},
  year = {2006},
  volume = {4},
  pages = {334--336},
  number = {4},
  annote = {[URL consultat setembre 2008]},
  publisher = {Symposium Journals},
  url = {http://www.gnu.org/philosophy/not-ipr.html}
}

@ARTICLE{stallman:2003,
  author = {Richard M. Stallman},
  title = {{Copyleft: Pragmatic Idealism}},
  journal = {Free Software Foundation},
  year = {2003},
  annote = {[URL consultat setembre 2008]},
  url = {http://www.gnu.org/ philosophy/pragmatic.html}
}

@ARTICLE{stallman:1999,
  author = {Richard M. Stallman},
  title = {{What is copyleft?}},
  journal = {Free Software Foundation},
  year = {1999},
  annote = {[URL consultat setembre 2008]},
  url = {http://www.gnu.org/copyleft/copyleft.html}
}

@ARTICLE{stallman:1998,
  author = {Richard M. Stallman},
  title = {{The GNU Project}},
  journal = {GNU project},
  year = {1998},
  annote = {Richard Stallman ha estat una de les persones més influents de la
	història del programari lliure. Va formular el concepte de \emph{copyleft},
	va fundar la FSF i el projecte GNU i ha fet contribucions importants
	al repositori comú de codi font que composa el programari lliure.
	En aquest article exposa els motius que el van portar a impulsar
	el proecte GNU, l'objectiu del qual és construir un sistema operatiu
	complet de propòsit general i completament lliure. [URL consultat
	setembre 2008]},
  url = {http://www.gnu.org/gnu/thegnuproject.html}
}

@MISC{stallman:1992,
  author = {Richard M. Stallman},
  title = {Why Software Should Be Free},
  year = {1992},
  annote = {[URL consultat setembre 2008]},
  url = {http://www.gnu.org/philosophy/shouldbefree.html}
}

@MISC{stallman:1985,
  author = {Richard M. Stallman},
  title = {The {GNU} Manifesto},
  year = {1985},
  annote = {[URL consultat setembre 2008]},
  url = {http://www.gnu.org/gnu/manifesto.html}
}

@BOOK{stiglitz:1996,
  title = {{Whither socialism?}},
  publisher = {The MIT Press},
  year = {1996},
  author = {Stiglitz, J.E.},
  owner = {jtorrents},
  timestamp = {2009.11.16}
}

@INBOOK{swedberg:2005,
  chapter = {The economic sociology of capitalism: an introduction and agenda},
  pages = {3--34},
  title = {The Economic Sociology of Capitalism},
  publisher = {Princeton University Press},
  year = {2005},
  editor = {Nee, V. and Swedberg, R.},
  author = {Swedberg, R},
  owner = {jtorrents},
  timestamp = {2009.09.15}
}

@BOOK{tanenbaum:1996,
  title = {{Operating systems: design and implementation}},
  publisher = {Prentice Hall},
  year = {1996},
  author = {Tanenbaum, A.S. and Woodhull, A.S.}
}

@BOOK{taylor:1911,
  title = {{The Principles of Scientific Management}},
  publisher = {McMaster University Archive for the History of Economic Thought},
  year = {1911},
  author = {Taylor, F.W.},
  owner = {jtorrents},
  timestamp = {2009.11.05}
}

@BOOK{thompson:1977,
  title = {La formación històrica de a classe obrera},
  publisher = {Laia},
  year = {1977},
  author = {Edward P. Thompson}
}

@BOOK{thompson:2003,
  title = {{Organizations in action: Social science bases of administrative
	theory}},
  publisher = {Transaction Pub},
  year = {2003},
  author = {Thompson, J.D.},
  owner = {jtorrents},
  timestamp = {2009.11.17}
}

@BOOK{thompson:1989,
  title = {{The nature of work: an introduction to debates on the labour process}},
  publisher = {Palgrave Macmillan},
  year = {1989},
  author = {Thompson, P.},
  owner = {jtorrents},
  timestamp = {2009.11.04}
}

@BOOK{tonnies:1974,
  title = {{Community and association:(Gemeinschaft und Gesellschaft)}},
  publisher = {Taylor \& Francis},
  year = {1974},
  author = {Ferdinand Tönnies},
  owner = {jtorrents},
  timestamp = {2009.10.29}
}

@ARTICLE{uzzi:2007,
  author = {Uzzi, B. and Amaral, L.A.N. and Reed-Tsochas, F.},
  title = {{Small-world networks and management science research: a review}},
  journal = {European Management Review},
  year = {2007},
  volume = {4},
  pages = {77--91},
  number = {2},
  owner = {jtorrents},
  publisher = {Nature Publishing Group},
  timestamp = {2009.07.15}
}

@ARTICLE{uzzi:2005,
  author = {Uzzi, B. and Spiro, J.},
  title = {{Collaboration and Creativity: The Small World Problem}},
  journal = {American Journal of Sociology},
  year = {2005},
  volume = {111},
  pages = {447--504},
  number = {2},
  owner = {jtorrents},
  publisher = {UChicago Press},
  timestamp = {2009.07.15}
}

@BOOK{vea:2003,
  title = {Qui és qui a Internet},
  publisher = {Generalitat de Catalunya},
  year = {2003},
  author = {Andreu Veà}
}

@ARTICLE{hippel:2003,
  author = {Von Hippel, E. and Von Krogh, G.},
  title = {{Open source software and the" private-collective" innovation model:
	Issues for organization science}},
  journal = {Organization Science},
  year = {2003},
  pages = {209--223},
  owner = {jtorrents},
  publisher = {Institute for Operations Research and the Management Sciences},
  timestamp = {2009.10.29}
}

@ARTICLE{vonKrogh2003,
  author = {Von Krogh, G. and Spaeth, S. and Lakhani, K.R.},
  title = {{Community, joining, and specialization in open source software innovation:
	a case study}},
  journal = {Research Policy},
  year = {2003},
  volume = {32},
  pages = {1217--1241},
  number = {7},
  owner = {jtorrents},
  publisher = {Elsevier},
  timestamp = {2009.11.02}
}

@BOOK{wasserman:1994,
  title = {{Social network analysis: Methods and applications}},
  publisher = {Cambridge University Press},
  year = {1994},
  author = {Wasserman, S. and Faust, K.}
}

@ARTICLE{watts:2004,
  author = {Watts, D.J.},
  title = {{The New science of networks}},
  journal = {Annual review of sociology},
  year = {2004},
  volume = {30},
  pages = {243--270},
  annote = {Revisió de l'estat de la <<nova>> ciència de les xarxes per part
	d'un dels autors més prolífics en aquest àmbit interdisciplinari.
	Watts fa un exhaustiu repàs des les principals aportacions teòriques
	i de les principals anàlisis empíriques que han donat forma a aquesta
	<<nova>> ciència de les xarxes. Per aquesta recerca és especialment
	interessant la diferenciació entre xarxes de interacció i xarxes
	simbòliques així com les reflexions sobre la importància de l'anàlisi
	dels processos socials subjacents que originen les xarxes socials
	complexes},
  publisher = {Annual reviews}
}

@BOOK{watts:2003,
  title = {{Six degrees: The science of a connected age}},
  publisher = {WW Norton \& Company},
  year = {2003},
  author = {Watts, D.J.},
  owner = {jtorrents},
  timestamp = {2009.07.06}
}

@BOOK{watts:1999,
  title = {{Small Worlds: The Dynamics of Networks Between Order and Randomness}},
  publisher = {Princeton University Press},
  year = {1999},
  author = {Watts, D.J.},
  annote = {Watts presenta amb detall la recerca que el va portar, junt amb Strogatz,
	a formular el model \emph{small-world}. El contingut és el mateix
	que \cite{watts:1998} però exposat amb tot detall. En aquesta recerca
	prenc la definició de \emph{contractors} que proposa Watts en aquest
	llibre per tal d'aplicar-la a la xarxa de col·laboració entre persones
	en el procés productiu del projecte Debian}
}

@ARTICLE{watts:1999b,
  author = {Watts, D.J.},
  title = {{Networks, Dynamics, and the Small-World Phenomenon}},
  journal = {American Journal of Sociology},
  year = {1999},
  volume = {105},
  pages = {493--527},
  number = {2},
  owner = {jtorrents},
  publisher = {UChicago Press},
  timestamp = {2010.05.31}
}

@ARTICLE{watts:1998,
  author = {Watts, D.J. and Strogatz, S.H.},
  title = {{Collective dynamics of `small-world' networks}},
  journal = {Nature},
  year = {1998},
  volume = {393},
  pages = {409--10},
  number = {6684},
  annote = {Article seminal de la <<nova>> ciència de les xarxes. En escassament
	tres pàgines Watts i Strogatz plantegen que les xarxes reals no són
	completament ordenades ni completament aleatòries, però tenen propietats
	característiques d'ambdós tipus de xarxes. Els autors proposen un
	model matemàtic simple que representa l'espectre complet que va des
	d'una xarxa completament ordenada a una xarxa aleatòria en funció
	d'un paràmetre arbritari d'aleatorietat inclòs en el sistema que
	representa la proporció d'arestes reubicades aleatòriament. L'objectiu
	era detectar en quin punt d'interpolació entre ordre i aleatorietat
	apareixen les propietats topològiques característiques de les xarxes
	complexes empíriques. Aquestes propietats característiques es poden
	quantificar utilitzant estadístics simples: la distància geodèsica
	mitjana i el coeficient de clustering. Els autors també proporcionen
	evidències empíriques de què el seu model captura les característiques
	topològiques de tres xarxes complexes d'àmbits diferents: la xarxa
	neuronal d'un cuc, la xarxa elèctrica de l'oest dels EUA i la xarxa
	d'actors de cinema}
}

@BOOK{weber:1991,
  title = {{From Max Weber: essays in sociology}},
  publisher = {Routledge},
  year = {1991},
  author = {Weber, M. and Gerth, H.H. and Mills, C.W. and Turner, B.S.},
  owner = {jtorrents},
  timestamp = {2009.11.17}
}

@BOOK{weber:1978,
  title = {{Economy and society: An outline of interpretive sociology}},
  publisher = {University of California Press},
  year = {1978},
  author = {Weber, M. and Roth, G. and Wittich, C.},
  owner = {jtorrents},
  timestamp = {2009.11.05}
}

@BOOK{weber:2004,
  title = {{The Success of Open Source}},
  publisher = {Harvard University Press},
  year = {2004},
  author = {Weber, Steve},
  annote = {Estudi clàssic sobre el moviment pel programari lliure. Weber planteja
	que un dels elements definitoris essencials del programari lliure
	és la seva noció de propietat, la qual està estructurada al voltant
	del dret a distribució. En canvi, la propietat privada, està estructurada
	al voltant del dret a l'exclusió d'altres persones sobre el recurs
	subjecte a la propietat privada. Weber centra la seva anàlisi en
	tres característiques del model de producció del programari lliure
	que desafien principis de l'economia política dominant a finals del
	segle XX: la motivació individual, la complexitat i la coordinació.
	Aquests tres eixos de l'anàlisi han marcat en bona mesura el camí
	de l'estudi cinetífic posterior sobre el programari lliure}
}

@ARTICLE{west:2003,
  author = {West, J.},
  title = {{How open is open enough? Melding proprietary and open source platform
	strategies}},
  journal = {Research Policy},
  year = {2003},
  volume = {32},
  pages = {1259--1285},
  number = {7},
  owner = {jtorrents},
  publisher = {Elsevier},
  timestamp = {2009.11.02}
}

@ARTICLE{west:2008,
  author = {West, J. and O'Mahony, S.},
  title = {{The role of participation architecture in growing sponsored open
	source communities}},
  journal = {Industry \& Innovation},
  year = {2008},
  volume = {15},
  pages = {145--168},
  number = {2},
  owner = {jtorrents},
  publisher = {Routledge},
  timestamp = {2009.11.02}
}

@MISC{wheeler:2004,
  author = {David A. Wheeler},
  title = {Linux Kernel 2.6: It's Worth More!},
  year = {2004},
  url = {http://www.dwheeler.com/essays/linux-kernel-cost.html}
}

@ARTICLE{white:2001,
  author = {White, D.R. and Harary, F.},
  title = {{The cohesiveness of blocks in social networks: Node connectivity
	and conditional density}},
  journal = {Sociological Methodology},
  year = {2001},
  pages = {305--359},
  publisher = {Blackwell Publishers}
}

@article{white:2001b,
  author = {White, D. and Newman, M.},
  journal = {Santa Fe Institute Working Papers Series},
  title = {{Fast approximation algorithms for finding node-independent paths in networks}},
  url = {http://eclectic.ss.uci.edu/~drwhite/working.pdf},
  year = {2001}
}


@ARTICLE{wilier:1967,
  author = {Wilier, D.E.},
  title = {{Max Weber's missing authority type}},
  journal = {Sociological Inquiry},
  year = {1967},
  volume = {37},
  pages = {231--239},
  owner = {jtorrents},
  publisher = {Routledge},
  timestamp = {2009.11.20}
}

@BOOK{williamson:1975,
  title = {{Markets and Hierarchies, Analysis and Antitrust Implications: A
	Study in the Economics of Internal Organization}},
  publisher = {Free Press},
  year = {1975},
  author = {Williamson, O.E.},
  owner = {jtorrents},
  timestamp = {2009.11.16}
}

@ARTICLE{uzzi:2007a,
  author = {Wuchty, S. and Jones, B.F. and Uzzi, B.},
  title = {{The increasing dominance of teams in production of knowledge}},
  journal = {Science},
  year = {2007},
  volume = {316},
  pages = {1036},
  number = {5827},
  owner = {jtorrents},
  publisher = {AAAS},
  timestamp = {2009.07.15}
}

@ARTICLE{yang:2004,
  author = {Yang, H.L. and Tang, J.H.},
  title = {{Team structure and team performance in IS development: a social
	network perspective}},
  journal = {Information \& Management},
  year = {2004},
  volume = {41},
  pages = {335--349},
  number = {3},
  owner = {jtorrents},
  publisher = {Elsevier},
  timestamp = {2009.11.18}
}

